@BOOK{DUMMY:1,
AUTHOR="Donald Hearn and M. Pauline Baker",
TITLE="Computer Graphics C Version",
PUBLISHER="Pearson Education",
YEAR="2003",
}

@BOOK{DUMMY:2,
AUTHOR="James D. Foley, Andries van Dam, Steven K. Feiner, John Hughes, Morgan McGuire, David F. Sklar, and Kurt Akeley",
TITLE="Computer Graphics: Principles and Practice in C",
PUBLISHER="Pearson Education",
YEAR="1982",
}

@BOOK{DUMMY:3,
AUTHOR="John L. Clevenger and V. Scott Gordon",
TITLE="Computer Graphics Programming in OpenGL with C++",
PUBLISHER="Mercury Learning & Information",
YEAR="2018",
}

@BOOK{DUMMY:3,
AUTHOR="John L. Clevenger and V. Scott Gordon",
TITLE="OpenGL Programming Guide: The Official Guide to Learning OpenGL, Version 4.3",
PUBLISHER="Addison-Wesley Professional; 8th edition (March 20, 2013)",
YEAR="2013",
}

@MISC{WEBSITE:1,
    HOWPUBLISHED = "\url{http://www.opengl-tutorial.org}",
    AUTHOR = "Unknown",
    TITLE = "OpenGL Tutorial",
    MONTH = "June",
    YEAR = "2021",
    NOTE = "Accessed on 2020-11-11"
}

@MISC{WEBSITE:2,
    HOWPUBLISHED = "\url{https://learnopengl.com/}",
    AUTHOR = "Unknown",
    TITLE = "Learn OpenGL",
    MONTH = "June",
    YEAR = "2021",
    NOTE = "Accessed on 2020-11-11"
}